@article{lowe2004distinctive,
  title={Distinctive image features from scale-invariant keypoints},
  author={Lowe, David G},
  journal={International journal of computer vision},
  volume={60},
  number={2},
  pages={91--110},
  year={2004},
  publisher={Springer}
}

@article{bay2008speeded,
  title={Speeded-up robust features (SURF)},
  author={Bay, Herbert and Ess, Andreas and Tuytelaars, Tinne and Van Gool, Luc},
  journal={Computer vision and image understanding},
  volume={110},
  number={3},
  pages={346--359},
  year={2008},
  publisher={Elsevier}
}

@inproceedings{alcantarilla2012kaze,
  title={KAZE features},
  author={Alcantarilla, Pablo Fern{\'a}ndez and Bartoli, Adrien and Davison, Andrew J},
  booktitle={European Conference on Computer Vision},
  pages={214--227},
  year={2012},
  organization={Springer}
}

@inproceedings{agrawal2008censure,
  title={Censure: Center surround extremas for realtime feature detection and matching},
  author={Agrawal, Motilal and Konolige, Kurt and Blas, Morten Rufus},
  booktitle={European Conference on Computer Vision},
  pages={102--115},
  year={2008},
  organization={Springer}
}

@inproceedings{leutenegger2011brisk,
  title={BRISK: Binary robust invariant scalable keypoints},
  author={Leutenegger, Stefan and Chli, Margarita and Siegwart, Roland Y},
  booktitle={2011 International conference on computer vision},
  pages={2548--2555},
  year={2011},
  organization={IEEE}
}

@inproceedings{bourdev2010detecting,
  title={Detecting people using mutually consistent poselet activations},
  author={Bourdev, Lubomir and Maji, Subhransu and Brox, Thomas and Malik, Jitendra},
  booktitle={European conference on computer vision},
  pages={168--181},
  year={2010},
  organization={Springer}
}

@inproceedings{brox2011object,
  title={Object segmentation by alignment of poselet activations to image contours},
  author={Brox, Thomas and Bourdev, Lubomir and Maji, Subhransu and Malik, Jitendra},
  booktitle={Computer Vision and Pattern Recognition (CVPR), 2011 IEEE Conference on},
  pages={2225--2232},
  year={2011},
  organization={IEEE}
}

@inproceedings{csurka2004visual,
  title={Visual categorization with bags of keypoints},
  author={Csurka, Gabriella and Dance, Christopher and Fan, Lixin and Willamowski, Jutta and Bray, C{\'e}dric},
  booktitle={Workshop on statistical learning in computer vision, ECCV},
  number={1-22},
  pages={1--2},
  year={2004},
  organization={Prague}
}

@article{thoma2016survey,
  title={A survey of semantic segmentation},
  author={Thoma, Martin},
  journal={arXiv preprint arXiv:1602.06541},
  year={2016}
}

@article{shlens2014tutorial,
  title={A tutorial on principal component analysis},
  author={Shlens, Jonathon},
  journal={arXiv preprint arXiv:1404.1100},
  year={2014}
}

@article{smith2002tutorial,
  title={A tutorial on principal components analysis},
  author={Smith, Lindsay I},
  journal={Cornell University, USA},
  volume={51},
  pages={52},
  year={2002}
}

@inproceedings{chen2011pixel,
  title={A pixel classification system for segmenting biomedical images using intensity neighborhoods and dimension reduction},
  author={Chen, Cheng and Ozolek, John A and Wang, Wei and Rohde, Gustavo K},
  booktitle={2011 IEEE International Symposium on Biomedical Imaging: From Nano to Macro},
  pages={1649--1652},
  year={2011},
  organization={IEEE}
}

@book{hartigan1975clustering,
  title={Clustering algorithms},
  author={Hartigan, John A},
  year={1975}
}

@article{chen1998image,
  title={Image segmentation via adaptive K-mean clustering and knowledge-based morphological operations with biomedical applications},
  author={Chen, Chang Wen and Luo, Jiebo and Parker, Kevin J},
  journal={IEEE Transactions on Image Processing},
  volume={7},
  number={12},
  pages={1673--1683},
  year={1998},
  publisher={IEEE}
}

@article{felzenszwalb2004efficient,
  title={Efficient graph-based image segmentation},
  author={Felzenszwalb, Pedro F and Huttenlocher, Daniel P},
  journal={International Journal of Computer Vision},
  volume={59},
  number={2},
  pages={167--181},
  year={2004},
  publisher={Springer}
}

@inproceedings{carreira2010constrained,
  title={Constrained parametric min-cuts for automatic object segmentation},
  author={Carreira, Joao and Sminchisescu, Cristian},
  booktitle={Computer Vision and Pattern Recognition (CVPR), 2010 IEEE Conference on},
  pages={3241--3248},
  year={2010},
  organization={IEEE}
}

@article{kass1988snakes,
  title={Snakes: Active contour models},
  author={Kass, Michael and Witkin, Andrew and Terzopoulos, Demetri},
  journal={International journal of computer vision},
  volume={1},
  number={4},
  pages={321--331},
  year={1988},
  publisher={Springer}
}

@article{atkins1998fully,
  title={Fully automatic segmentation of the brain in MRI},
  author={Atkins, M Stella and Mackiewich, Blair T},
  journal={IEEE transactions on medical imaging},
  volume={17},
  number={1},
  pages={98--107},
  year={1998},
  publisher={IEEE}
}

@article{roerdink2000watershed,
  title={The watershed transform: Definitions, algorithms and parallelization strategies},
  author={Roerdink, Jos BTM and Meijster, Arnold},
  journal={Fundamenta informaticae},
  volume={41},
  number={1, 2},
  pages={187--228},
  year={2000},
  publisher={IOS Press}
}

@inproceedings{ho1995random,
  title={Random decision forests},
  author={Ho, Tin Kam},
  booktitle={Document Analysis and Recognition, 1995., Proceedings of the Third International Conference on},
  volume={1},
  pages={278--282},
  year={1995},
  organization={IEEE}
}

@inproceedings{shotton2008semantic,
  title={Semantic texton forests for image categorization and segmentation},
  author={Shotton, Jamie and Johnson, Matthew and Cipolla, Roberto},
  booktitle={Computer vision and pattern recognition, 2008. CVPR 2008. IEEE Conference on},
  pages={1--8},
  year={2008},
  organization={IEEE}
}

@article{burges1998tutorial,
  title={A tutorial on support vector machines for pattern recognition},
  author={Burges, Christopher JC},
  journal={Data mining and knowledge discovery},
  volume={2},
  number={2},
  pages={121--167},
  year={1998},
  publisher={Springer}
}

@article{yang2012layered,
  title={Layered object models for image segmentation},
  author={Yang, Yi and Hallman, Sam and Ramanan, Deva and Fowlkes, Charless C},
  journal={IEEE Transactions on Pattern Analysis and Machine Intelligence},
  volume={34},
  number={9},
  pages={1731--1743},
  year={2012},
  publisher={IEEE}
}

@book{blake2011markov,
  title={Markov random fields for vision and image processing},
  author={Blake, Andrew and Kohli, Pushmeet and Rother, Carsten},
  year={2011},
  publisher={Mit Press}
}

@inproceedings{moser2012markov,
  title={Markov random field models for supervised land cover classification from very high resolution multispectral remote sensing images},
  author={Moser, Gabriele and Serpico, Sebastiano B and Benediktsson, Jon Atli},
  booktitle={Advances in Radar and Remote Sensing (TyWRRS), 2012 Tyrrhenian Workshop on},
  pages={235--242},
  year={2012},
  organization={IEEE}
}

@inproceedings{russell2009associative,
  title={Associative hierarchical crfs for object class image segmentation},
  author={Russell, Chris and Kohli, Pushmeet and Torr, Philip HS and others},
  booktitle={2009 IEEE 12th International Conference on Computer Vision},
  pages={739--746},
  year={2009},
  organization={IEEE}
}

@inproceedings{he2004multiscale,
  title={Multiscale conditional random fields for image labeling},
  author={He, Xuming and Zemel, Richard S and Carreira-Perpi{\~n}{\'a}n, Miguel {\'A}},
  booktitle={Computer vision and pattern recognition, 2004. CVPR 2004. Proceedings of the 2004 IEEE computer society conference on},
  volume={2},
  pages={II--695},
  year={2004},
  organization={IEEE}
}

@inproceedings{shotton2006textonboost,
  title={Textonboost: Joint appearance, shape and context modeling for multi-class object recognition and segmentation},
  author={Shotton, Jamie and Winn, John and Rother, Carsten and Criminisi, Antonio},
  booktitle={European conference on computer vision},
  pages={1--15},
  year={2006},
  organization={Springer}
}
