@String{nc =     "Neural Computation"}
@String{biocyb = "Biological Cybernetics"}

@article{badrinarayanan2015segnetlayerwise,
archivePrefix = {arXiv},
arxivId = {arXiv:1505.07293v1},
author = {Badrinarayanan, Vijay and Handa, Ankur and Cipolla, Roberto},
eprint = {arXiv:1505.07293v1},
year = {{2015}},
title = {{SegNet: A Deep Convolutional Encoder-Decoder Architecture for Robust Semantic Pixel-Wise Labelling}}
}

@article{badrinarayanan2015segnet,
archivePrefix = {arXiv},
arxivId = {arXiv:1505.07293v1},
author = {Badrinarayanan, Vijay and Handa, Ankur and Cipolla, Roberto},
eprint = {arXiv:1505.07293v1},
pages = {5},
title = {{SegNet: A Deep Convolutional Encoder-Decoder Architecture for Image Segmentation}},
url = {http://arxiv.org/abs/1505.07293},
year = {2015}
}

@article{Kendall2015bayesiansegnet,
archivePrefix = {arXiv},
arxivId = {1511.02680},
author = {Kendall, Alex and Badrinarayanan, Vijay and Cipolla, Roberto},
eprint = {1511.02680},
title = {{Bayesian SegNet: Model Uncertainty in Deep Convolutional Encoder-Decoder Architectures for Scene Understanding}},
url = {http://arxiv.org/abs/1511.02680},
year = {2015}
}

@article{sturgess2009combining,
author = {Sturgess, Paul and Alahari, Karteek and Ladicky, Lubor and Torr, Philip H. S.},
doi = {10.5244/C.23.62},
isbn = {1-901725-39-1},
journal = {Procedings of the British Machine Vision Conference 2009},
pages = {62.1--62.11},
title = {{Combining Appearance and Structure from Motion Features for Road Scene Understanding}},
url = {http://www.bmva.org/bmvc/2009/Papers/Paper216/Paper216.html},
year = {2009}
}

@article{tighe2013superparsing,
author = {Tighe, Joseph and Lazebnik, Svetlana},
doi = {10.1007/s11263-012-0574-z},
isbn = {3642155545},
issn = {09205691},
journal = {International Journal of Computer Vision},
keywords = {Image parsing,Image segmentation,Scene understanding},
number = {2},
pages = {329--349},
title = {{Superparsing: Scalable nonparametric image parsing with superpixels}},
volume = {101},
year = {2013}
}

@article{ladicky2010and,
	author = {Ladick{\'{y}}, L'Ubor and Sturgess, Paul and Alahari, Karteek and Russell, Chris and Torr, Philip H S},
	doi = {10.1007/978-3-642-15561-1{\_}31},
	isbn = {364215560X},
	issn = {03029743},
	journal = {Lecture Notes in Computer Science (including subseries Lecture Notes in Artificial Intelligence and Lecture Notes in Bioinformatics)},
	number = {PART 4},
	pages = {424--437},
	title = {{What, where and how many? Combining object detectors and CRFs}},
	volume = {6314 LNCS},
	year = {2010}
}

@article{Brostow2010semantic,
author = {Brostow, Gabriel J. and Fauqueur, Julien and Cipolla, Roberto},
	doi = {10.1016/j.patrec.2008.04.005},
	file = {:Users/marcus/Documents/Mendeley Desktop/Brostow, Fauqueur, Cipolla/Brostow{\_}2009-PRL.pdf:pdf},
	issn = {01678655},
	journal = {Pattern Recognition Letters},
	keywords = {Label propagation,Object recognition,Semantic segmentation,Video database,Video understanding},
	number = {2},
	pages = {88--97},
	title = {{Semantic object classes in video: A high-definition ground truth database}},
	volume = {30},
	year = {2009}
}

@inproceedings{BrostowECCV08,
  author    = {Gabriel J. Brostow and Jamie Shotton and Julien Fauqueur and Roberto Cipolla},
  title     = {Segmentation and Recognition Using Structure from Motion Point Clouds},
  booktitle = {ECCV (1)},
  year      = {2008},
  pages     = {44-57}
}

@INPROCEEDINGS{Goldin95onsimilarity,
    author = {Dina Goldin and Paris C Kanellakis},
    title = {On Similarity Queries for Time-Series Data: Constraint Specification and Implementation},
    booktitle = {},
    year = {1995},
    pages = {137--153}
}

@article{Jean2014,
    title={On Using Very Large Target Vocabulary for Neural Machine
        Translation},
    author={Jean, S{\'e}bastien and Cho, Kyunghyun and Memisevic, Roland and
        Bengio, Yoshua},
    journal={arXiv preprint arXiv:1412.2007},
    year={2014}
}

@article{szegedy2014going,
  title={Going deeper with convolutions},
  author={Szegedy, Christian and Liu, Wei and Jia, Yangqing and Sermanet, Pierre and Reed, Scott and Anguelov, Dragomir and Erhan, Dumitru and Vanhoucke, Vincent and Rabinovich, Andrew},
  journal={arXiv preprint arXiv:1409.4842},
  year={2014}
}

@inproceedings{sutskever2014sequence,
  title={Sequence to sequence learning with neural networks},
  author={Sutskever, Ilya and Vinyals, Oriol and Le, Quoc VV},
  booktitle={Advances in Neural Information Processing Systems},
 pages={3104--3112},
  year={2014}
}

@inproceedings{bahdanau2014neural,
  title={Neural machine translation by jointly learning to align and translate},
  author={Bahdanau, Dzmitry and Cho, Kyunghyun and Bengio, Yoshua},
  booktitle    = {International Conference on Learning Representations (ICLR 2015)},
  year         = {2015},
}

@inproceedings{auli2013joint,
  title={Joint Language and Translation Modeling with Recurrent Neural Networks.},
  author={Auli, Michael and Galley, Michel and Quirk, Chris and Zweig, Geoffrey},
  booktitle={EMNLP},
  pages={1044--1054},
  year={2013}
}

@inproceedings{auli2014decoder,
  title={Decoder integration and expected bleu training for recurrent neural network language models},
  author={Auli, Michael and Gao, Jianfeng},
  booktitle={Proceedings of the 52nd Annual Meeting of the Association for Computational Linguistics (ACLâ€™14)},
  pages={136--142},
  year={2014}
}

@article{hochreiter1997long,
  title={Long short-term memory},
  author={Hochreiter, Sepp and Schmidhuber, J{\"u}rgen},
  journal={Neural computation},
  volume={9},
  number={8},
  pages={1735--1780},
  year={1997},
  publisher={MIT Press}
}

@inproceedings{devlin2014fast,
  title={Fast and robust neural network joint models for statistical machine translation},
  author={Devlin, Jacob and Zbib, Rabih and Huang, Zhongqiang and Lamar, Thomas and Schwartz, Richard and Makhoul, John},
  booktitle={52nd Annual Meeting of the Association for Computational Linguistics, Baltimore, MD, USA, June},
  year={2014}
}

@incollection{Forcada1997,
    year={1997},
    booktitle={Biological and Artificial Computation: From Neuroscience to Technology},
    volume={1240},
    series={Lecture Notes in Computer Science},
    editor={Mira, Jos\'e and Moreno-D\'iaz, Roberto and Cabestany, Joan},
    title={Recursive hetero-associative memories for translation},
    publisher={Springer Berlin Heidelberg},
    author={Forcada, Mikel L. and \~Neco, Ram\'on P.},
    pages={453--462},
}

@book{Koehn2010,
    author = {Koehn, Philipp},
    title = {Statistical Machine Translation},
    year = {2010},
    publisher = {Cambridge University Press},
    address = {New York, NY, USA},
} 

@inproceedings{Pascanu2013,
       author = {Razvan Pascanu and Tomas Mikolov and Yoshua Bengio},
        title = {On the difficulty of training Recurrent Neural Networks},
    Booktitle = {Proceedings of the 30th International
        Conference on Machine Learning (ICML 2013)}, 
         year = {2013},
}

@inproceedings{Schwenk2006t,
  title={Continuous space language models for statistical machine translation},
  author={Schwenk, Holger and Dchelotte, Daniel and Gauvain, Jean-Luc},
  booktitle={Proceedings of the COLING/ACL on Main conference poster sessions},
  pages={723--730},
  year={2006},
  organization={Association for Computational Linguistics}
}

@inproceedings{Le2012,
  title={Measuring the influence of long range dependencies with neural network language models},
  author={Hai Son, Le and Allauzen, Alexandre and Yvon, Fran{\c{c}}ois},
  booktitle={Proceedings of the NAACL-HLT 2012 Workshop: Will We Ever Really Replace the N-gram Model? On the Future of Language Modeling for HLT},
  pages={1--10},
  year={2012},
  organization={Association for Computational Linguistics}
}

@inproceedings{Le2011,
    title={Structured output layer neural network language model},
    author={Le, Hai-Son and Oparin, Ilya and Allauzen, Alexandre and
        Gauvain, J and Yvon, Fran{\c{c}}ois},
    booktitle={Acoustics, Speech and Signal Processing (ICASSP), 2011 IEEE
        International Conference on},
    pages={5524--5527},
    year={2011},
    organization={IEEE}
}

@INPROCEEDINGS{Graves2013asru,
    author={Graves, A and Jaitly, N. and Mohamed, A-R.},
    booktitle={Automatic Speech Recognition and Understanding (ASRU), 2013 IEEE
        Workshop on},
    title={Hybrid speech recognition with Deep Bidirectional {LSTM}},
    year={2013},
    month={Dec},
    pages={273-278},
}

@INPROCEEDINGS{Glorot+al-AI-2011,
     author = {Glorot, Xavier and Bordes, Antoine and Bengio, Yoshua},
      month = apr,
      title = {Deep Sparse Rectifier Neural Networks},
  booktitle = {JMLR W\&CP: Proceedings of the Fourteenth International Conference on Artificial Intelligence and Statistics (AISTATS 2011)},
       year = {2011},
}

@inproceedings{Pouget2014,
    author = {Pouget-Abadie, Jean and Bahdanau, Dzmitry and van Merri\"enboer, Bart and Cho, Kyunghyun and Bengio, Yoshua},
    title = {Overcoming the Curse of Sentence Length for Neural Machine Translation using Automatic Segmentation},
    year      = 2014,
    month = oct,
    booktitle     = {Eighth Workshop on Syntax, Semantics and Structure in Statistical Translation},
    note = {to appear},
}

@inproceedings{Liu2011,
    title={Better evaluation metrics lead to better machine translation},
    author={Liu, Chang and Dahlmeier, Daniel and Ng, Hwee Tou},
    booktitle={Proceedings of the Conference on Empirical Methods in Natural Language Processing},
    pages={375--384},
    year={2011},
    organization={Association for Computational Linguistics}
}

@inproceedings{Song13,
    author = {Xingyi Song and Trevor Cohn and Lucia Specia},
    title = {{BLEU} deconstructed: Designing a Better {MT} Evaluation
        Metric},
    booktitle={Proceedings of the 14th International Conference on Intelligent
        Text Processing and Computational Linguistics (CICLING)},
    year = 2013,
    month = mar,
}

@inproceedings{Sutskever2014,
    author = {Ilya Sutskever and Oriol Vinyals and Quoc Le},
    title = {Sequence to Sequence Learning with Neural Networks},
    year      = 2014,
    month = dec,
    booktitle     = {Advances in Neural Information Processing Systems (NIPS
            2014)},
}

@inproceedings{Cho2014,
    author = {Kyunghyun Cho and Bart van Merrienboer and Caglar Gulcehre 
        and Fethi Bougares and Holger Schwenk and Yoshua Bengio},
    title = {Learning Phrase Representations using {RNN} Encoder-Decoder 
        for Statistical Machine Translation},
    booktitle = {Proceedings of the Empiricial Methods in Natural Language Processing (EMNLP 2014)},
    year = 2014,
    month = oct,
    note = {to appear}
}

@inproceedings{Saxe2014,
    author = {Andrew M. Saxe and James L. McClelland and Surya Ganguli},
    title = {Exact solutions to the nonlinear dynamics of learning in deep linear neural networks},
    year      = 2014,
    month = apr,
    booktitle     = {Proceedings of the Second International Conference on Learning
        Representations (ICLR 2014)},
}

@inproceedings{Moore2010,
    author = {Moore, Robert C. and Lewis, William},
    title = {Intelligent Selection of Language Model Training Data},
    booktitle = {Proceedings of the ACL 2010 Conference Short Papers},
    series = {ACLShort '10},
    year = {2010},
    pages = {220--224},
    publisher = {Association for Computational Linguistics},
    address = {Stroudsburg, PA, USA},
} 

@inproceedings{Schwenk2006,
  author    = {Holger Schwenk and
               Marta R. Costa-Juss{\`a} and
               Jos{\'e} A. R. Fonollosa},
  title     = {Continuous space language models for the {IWSLT} 2006 task},
  booktitle = {IWSLT},
  year      = {2006},
  pages     = {166--173},
}

@inproceedings{Axelrod2011,
  author    = {Amittai Axelrod and Xiaodong He and Jianfeng Gao},
  title     = {Domain Adaptation via Pseudo In-Domain Data Selection},
  pages     = {355--362},
  booktitle = {Proceedings of the ACL Conference on Empirical Methods in Natural Language Processing (EMNLP)},
  publisher = {Association for Computational Linguistics},
  year      = {2011},
}

@inproceedings{Maaten2013,
    author = {van der Maaten, Laurens},
    title = {{B}arnes-{H}ut-{SNE}},
    year      = 2013,
    month = may,
    booktitle     = {Proceedings of the First International Conference on Learning
        Representations (ICLR 2013)},
}

@inproceedings{Hermann2014,
    author = {Karl Hermann and Phil Blunsom},
    title = {Multilingual Distributed Representations without Word Alignment},
    year      = 2014,
    month = apr,
    booktitle     = {Proceedings of the Second International Conference on Learning
        Representations (ICLR 2014)},
}

@inproceedings{Pascanu2014rec,
    author = {Pascanu, R. and Gulcehre, C. and Cho, K. and Bengio, Y.},
    title = {How to Construct Deep Recurrent Neural Networks},
    year      = 2014,
    month = apr,
    booktitle     = {Proceedings of the Second International Conference on Learning
        Representations (ICLR 2014)},
}

@inproceedings{Socher2011,
    Publisher = {ACM}, 
    Address = {New York, NY, USA}, 
    Author = {Richard Socher and Cliff C. Lin and Andrew Ng and Chris Manning}, 
    Booktitle = {Proceedings of the 28th International
        Conference on Machine Learning (ICML 2011)}, 
    Title = {Parsing Natural Scenes and Natural Language
        with Recursive Neural Networks}, 
    Editor = {Lise Getoor and Tobias Scheffer}, 
    Year = {2011}, 
    Pages = {129--136} 
}

@ARTICLE{Chandar2014,
    author = {Chandar, Sarath and Lauly, Stanislas and Larochelle, Hugo and
        Khapra, Mitesh and Ravindran, Balaraman and Raykar, Vikas and Saha,
        Amrita},
    title = {An Autoencoder Approach to Learning Bilingual Word Representations},
    journal = {ar{X}iv:{\tt 1402.1454 [cs.CL]}},
    year = 2014,
    month = feb,
}

@article{Schwenk2007,
    author = {Schwenk, Holger},
    title = {Continuous Space Language Models},
    journal = {Comput. Speech Lang.},
    volume = {21},
    number = {3},
    month = jul,
    year = {2007},
    pages = {492--518},
    publisher = {Academic Press Ltd.},
    address = {London, UK},
} 

@inproceedings{Kalchbrenner2013,
  author    = {Nal Kalchbrenner and Phil Blunsom},
  title     = {Recurrent Continuous Translation Models},
  pages     = {1700--1709},
  booktitle = {Proceedings of the ACL Conference on Empirical Methods in Natural Language Processing (EMNLP)},
  publisher = {Association for Computational Linguistics},
  year      = {2013},
}

@inproceedings{Zou2013,
  author    = {Will Y. Zou and
               Richard Socher and
               Daniel M. Cer and
               Christopher D. Manning},
  title     = {Bilingual Word Embeddings for Phrase-Based Machine Translation},
  pages     = {1393--1398},
  booktitle = {Proceedings of the ACL Conference on Empirical Methods in Natural Language Processing (EMNLP)},
  publisher = {Association for Computational Linguistics},
  year      = {2013},
}

@inproceedings{Son2012,
    author = {Son, Le Hai and Allauzen, Alexandre and Yvon, Fran\c{c}ois},
    title = {Continuous Space Translation Models with Neural Networks},
    booktitle = {Proceedings of the 2012 Conference of the North American
        Chapter of the Association for Computational Linguistics: Human
            Language Technologies},
    series = {NAACL HLT '12},
    year = {2012},
    location = {Montreal, Canada},
    pages = {39--48},
    publisher = {Association for Computational Linguistics},
    address = {Stroudsburg, PA, USA},
} 

@inproceedings{Schwenk2012,
    author    = {Holger Schwenk},
    title     = {Continuous Space Translation Models for Phrase-Based Statistical
        Machine Translation},
    pages     = {1071-1080},
    editor    = {Martin Kay and
        Christian Boitet},
    booktitle     = {Proceedings of the 24th International Conference on Computational
        Linguistics (COLIN)},
    publisher = {Indian Institute of Technology Bombay},
    year      = {2012},
}

@article{Bengio2003lm,
    author = {Bengio, Yoshua and Ducharme, R{\'e}jean and Vincent, Pascal and Janvin, Christian},
    title = {A Neural Probabilistic Language Model},
    journal = {J. Mach. Learn. Res.},
    volume = {3},
    month = mar,
    year = {2003},
    pages = {1137--1155},
    publisher = {JMLR.org},
} 

@inproceedings{Marcu2002,
    author = {Marcu, Daniel and Wong, William},
    title = {A Phrase-based, Joint Probability Model for Statistical Machine Translation},
    booktitle = {Proceedings of the ACL-02 Conference on Empirical Methods in Natural Language Processing - Volume 10},
    series = {EMNLP '02},
    year = {2002},
    pages = {133--139},
    publisher = {Association for Computational Linguistics},
    address = {Stroudsburg, PA, USA},
} 

@inproceedings{Koehn2003,
    author = {Koehn, Philipp and Och, Franz Josef and Marcu, Daniel},
    title = {Statistical Phrase-based Translation},
    booktitle = {Proceedings of the 2003 Conference of the North American Chapter of the Association for Computational Linguistics on Human Language Technology - Volume 1},
    series = {NAACL '03},
    year = {2003},
    location = {Edmonton, Canada},
    pages = {48--54},
    publisher = {Association for Computational Linguistics},
    address = {Stroudsburg, PA, USA},
} 

@inproceedings{Koehn2005,
    address = {Phuket, Thailand},
    author = {Koehn, P.},
    booktitle = {Machine Translation Summit X},
    pages = {79--86},
    title = {Europarl: A Parallel Corpus for Statistical Machine Translation},
    year = {2005}
}

@inproceedings{Yao2014,
    Author = {Li Yao and Sherjil Ozair and Kyunghyun Cho and Yoshua Bengio},
    Title = {On the Equivalence Between Deep {NADE} and Generative Stochastic Networks}, 
    Year = {2014}, 
    Note = {submitted}
}

@inproceedings{Graves2012,
    Author = {Alex Graves}, 
    Booktitle = {Proceedings of the 29th International
        Conference on Machine Learning (ICML 2012)}, 
    Title = {Sequence Transduction with Recurrent Neural Networks}, 
    Year = {2012}, 
}

@inproceedings{Bengio2014,
    Author = {Yoshua Bengio and Eric Laufer and Jason Yosinski}, 
    Booktitle = {Proceedings of the 31st International
        Conference on Machine Learning (ICML 2014)}, 
    Title = {Deep Generative Stochastic Networks Trainable by Backprop}, 
    Year = {2014}, 
}

@article{Brakel2013,
    author = {Brakel, Phil\'emon and Stroobandt, Drik and Schrauwen, Benjamin},
    title = {Training Energy-Based Models for Time-Series Imputation},
    journal = {Journal of Machine Learning Research},
    volume = {14},
    year = {2013},
    pages = {2771--2797},
    publisher = {JMLR.org},
} 

@article{Huang2002,
    title={Generalized pseudo-likelihood estimates for {M}arkov random fields on lattice},
    author={Huang, Fuchun and Ogata, Yosihiko},
    journal={Annals of the Institute of Statistical Mathematics},
    volume={54},
    number={1},
    pages={1--18},
    year={2002},
    publisher={Springer}
}

@article{Peterson1987,
    author = {Carsten Peterson and James R. Anderson},
    title = {A Mean Field Theory Learning Algorithm for Neural Networks},
    journal = {Complex Systems},
    volume = {1},
    number = {5},
    year = {1987},
    pages = {995--1019},
    publisher = {Complex Systems Publications}
} 

@article{Valpola2002,
    author = {Valpola, Harri and Karhunen, Juha},
    title = {An Unsupervised Ensemble Learning Method for Nonlinear Dynamic State-Space Models},
    journal = {Neural Comput.},
    volume = {14},
    number = {11},
    month = nov,
    year = {2002},
    pages = {2647-2692},
    publisher = {MIT Press},
    address = {Cambridge, MA, USA},
} 

@incollection{Graves2011,
    title ={Practical Variational Inference for Neural
        Networks},
    author={Alex Graves},
    booktitle = {Advances in Neural Information Processing
        Systems 24},
    editor = {J. Shawe-Taylor and R.S. Zemel and P. Bartlett
        and F.C.N. Pereira and K.Q. Weinberger},
    pages = {2348--2356},
    year = {2011}
}

@ARTICLE{Gulcehre2013,
    author = {Gulcehre, C. and Cho, K. and Pascanu, R. and Bengio, Y.},
    title = {Learned-norm pooling for deep feedforward and recurrent neural networks},
    journal = {ar{X}iv:{\tt 1311.1780 [cs.NE]}},
    year = 2013,
    month = dec,
}

@inproceedings{quinlan1996bagging,
  title={Bagging, boosting, and C4. 5},
  author={Quinlan, J Ross},
  booktitle={AAAI/IAAI, Vol. 1},
  pages={725--730},
  year={1996}
}


@ARTICLE{Pascanu2014,
    author = {Pascanu, R. and Montufar, G. and Bengio, Y.},
    title = {On the number of response regions of deep feed forward networks with piece-wise linear activations},
    journal = {ar{X}iv:{\tt 1312.6098[cs.LG]}},
    year = 2013,
    month = dec,
}

Ko, Jonathan, and Dieter Fox. "GP-BayesFilters: Bayesian filtering using
Gaussian process prediction and observation models." Autonomous Robots27.1
(2009): 75-90.
@ARTICLE{Ko09,
    author = {Ko, J. and Dieter, F},
    title = {{GP}-{BayesFilters}: {B}ayesian filtering using {G}aussian process
        prediction and observation models},
    journal = {Autonomous Robots},
    year = 2009,
}


@inproceedings{Raiko2012,
    title = {Deep learning made easier by linear transformations in perceptrons},
    author = {Raiko, Tapani and Valpola, Harri and {LeCun}, Yann},
    booktitle = {Proceedings of the Fifteenth Internation Conference on Artificial Intelligence and
                 Statistics (AISTATS 2012)},
    month = apr,
    year = {2012},
    publisher = {JMLR W\&CP},
    series = {JMLR Workshop and Conference Proceedings},
    volume = {22},
    pages = {924--932},
}

@ARTICLE{Chen2013,
    author = {Chen, J. and Deng, L.},
    title = {A New Method for Learning Deep Recurrent Neural
        Networks},
    journal = {ar{X}iv:{\tt 1311.6091 [cs.LG]}},
    year = 2013,
    month = nov,
}

@inproceedings{Pinheiro2013,
  title={Recurrent Convolutional Neural Networks for Scene Labeling},
  author={Pinheiro, Pedro and Collobert, Ronan},
  booktitle={Proceedings of The 31st International Conference on Machine Learning},
  pages={82--90},
  year={2014}
}

@techreport{Jaeger2007,
    title = {Discovering multiscale dynamical features with
    hierarchical Echo State Networks},
    author = {H. Jaeger},
    institution = {Jacobs University},
    year= {2007}
}

@article{Sutskever2008,
    author = {Sutskever, Ilya and Hinton, Geoffrey E.},
    title = {Deep, Narrow Sigmoid Belief Networks Are Universal
        Approximators},
    journal = {Neural Comput.},
    volume = {20},
    number = {11},
    month = nov,
    year = {2008},
    pages = {2629--2636},
    publisher = {MIT Press},
    address = {Cambridge, MA, USA},
} 

@article{Roux2010,
    author = {{Le Roux}, Nicolas and Bengio, Yoshua},
    title = {Deep belief networks are compact universal approximators},
    journal = {Neural Computation},
    issue_date = {August 2010},
    volume = {22},
    number = {8},
    month = aug,
    year = {2010},
    pages = {2192--2207},
    numpages = {16},
    publisher = {MIT Press},
    address = {Cambridge, MA, USA},
} 

@article{Marcus1993,
    author = {Marcus, Mitchell P. and Marcinkiewicz, Mary Ann and Santorini, Beatrice},
    title = {Building a Large Annotated Corpus of English: The
        {P}enn {T}reebank},
    journal = {Computational Linguistics},
    volume = {19},
    number = {2},
    month = jun,
    year = {1993},
    pages = {313--330},
    publisher = {MIT Press},
    address = {Cambridge, MA, USA},
} 

@ARTICLE{Graves2013,
    author = {{Graves}, A.},
    title = {Generating Sequences With Recurrent Neural Networks},
    journal = {ar{X}iv:{\tt 1308.0850 [cs.NE]}},
    year = 2013,
    month = aug,
}

@ARTICLE{TomasIlya,
    author={Mikolov, T. and Sutskever, I and Deoras, A. and Le, H. and Kombrink, S. and Cernocky, J.},
    title={Subword Language Modeling with Neural Networks},
    journal = {unpublished},
    href={http://www.fit.vutbr.cz/~imikolov/rnnlm/char.pdf},
    year = 2012,
}

@ARTICLE{Justin2013,
    author = {Bayer, J. and Osendorfer, C. and Korhammer, D. and
    Chen, N. and  Urban, S.  and van der Smagt, P},
    title = {On Fast Dropout and its Applicability to Recurrent
        Networks},
    journal = {ar{X}iv:{\tt 1311.0701 [cs.NE]}},
    year = 2013,
}

@misc{Zaremba+Sutskever+Vinyals-arxiv2014,
 author = {Wojciech Zaremba and Ilya Sutskever and Oriol Vinyals},
 title = {Recurret Neural Network Regularization},
 howpublished = {arXiv 1409.2329},
 year = 2014,
}

@ARTICLE{CataltepeZ1999,
    author = {Zehra Cataltepe and Yaser S. Abu-mostafa and Malik Magdon-ismail},
    title = {No free lunch for early stopping},
    journal = {Neural Computation},
    year = {1999},
    volume = {11},
    pages = {995--1009}
}

@ARTICLE{Schmidhuber1992,
    author = {Schmidhuber, J.},
    title = {Learning Complex, Extended Sequences Using the Principle of History Compression},
    journal = {Neural Computation},
    pages = {234--242},
    number = 4,
    year = 1992,
    month = aug,
}

@incollection{Hermans2013,
    title = {Training and Analysing Deep Recurrent Neural Networks},
    author = {Michiel Hermans and Benjamin Schrauwen},
    booktitle = {Advances in Neural Information Processing Systems 26},
    pages = {190--198},
    year = {2013},
}

@incollection{Mikolov2013,
    title = {Distributed Representations of Words and Phrases and
    their Compositionality},
    author = {Tomas Mikolov and Ilya Sutskever and Kai Chen and Greg
        Corrado and Jeff Dean},
    booktitle = {Advances in Neural Information Processing
        Systems 26},
    pages = {3111--3119},
    year = {2013},
}

@inproceedings{Bengio2013rec,
    author = {{Bengio}, Y. and {Boulanger-Lewandowski}, N. and {Pascanu}, R.},
    title = {Advances in Optimizing Recurrent Networks},
    booktitle = {Proceedings of the 38th International Conference on Acoustics, Speech, and Signal Processing (ICASSP 2013)},
    year = 2013,
    month = may,
}

@InProceedings{Sutskever2011,
    author =    {Ilya Sutskever and James Martens and Geoffrey Hinton},
    title =     {Generating Text with Recurrent Neural Networks },
    booktitle = {Proceedings of the 28th International Conference on
        Machine Learning (ICML 2011)},
    year =      {2011},
    editor =    {Lise Getoor and Tobias Scheffer},
    location =  {Bellevue, Washington, USA},
    month =     jun,
    publisher = {ACM},
    address =   {New York, NY, USA},
    pages=      {1017--1024},
}

@INPROCEEDINGS{Mikolov2010,
    author = {Tomas Mikolov and Martin Karafi\'{a}t and Lukas
        Burget and Jan Cernocky and Sanjeev Khudanpur},
    title = {Recurrent neural network based language model},
    pages = {1045--1048},
    booktitle = {Proceedings of the 11th Annual Conference of the
            International Speech Communication
            Association (INTERSPEECH
                    2010)},
    volume = {2010},
    number = {9},
    year = {2010},
    location = {Makuhari, Chiba, JP},
    publisher = {International
        Speech Communication
            Association},
}

@article{BP86,
    author = {Rumelhart, David E. and Hinton, Geoffrey E. and Williams, Ronald J.},
    journal = {Nature},
    month = oct,
    number = {6088},
    pages = {533--536},
    publisher = {Nature Publishing Group},
    title = {{Learning representations by back-propagating errors}},
    volume = {323},
    year = {1986}
    }


@article{Hochreiter1997,
    title={Long short-term memory},
    author={Hochreiter, S. and Schmidhuber, J.},
    journal={Neural Computation},
    volume={9},
    number={8},
    pages={1735--1780},
    year={1997},
    publisher={MIT Press}
}

@techreport{jaeger01,
title = {The "echo state" approach to analysing and training recurrent neural networks},
author = {H. Jaeger},
institution = { German National Research Center for Information Technology},
year= {2001}
}

@article{Graves09,
    title = { A Novel Connectionist System for Improved Unconstrained Handwriting Recognition},
    author = { Graves, A. and Liwicki, M. and Fernandez, S. and Bertolami, R. and  Bunke, H. and Schmidhuber, J.  },
    journal = {IEEE Transactions on Pattern Analysis and Machine Intelligence},
    year = {2009}
}

@article{Graves13speech,
    title={Speech Recognition with Deep Recurrent Neural Networks},
    author={Graves, A. and Mohamed, A. and Hinton, G.},
    journal={ICASSP},
    year={2013}}

@article{vaswanidecoding,
    title={Decoding with Large-Scale Neural Language Models Improves Translation},
    author={Vaswani, Ashish and Zhao, Yinggong and Fossum, Victoria and Chiang, David},
    journal={Proceedings of the Conference on Empirical Methods in Natural Language Processing},
    year={2013},
    pages={1387--1392}
}

@inproceedings{Boulanger2013,
    title={Audio Chord Recognition with Recurrent Neural Networks},
    author={Boulanger-Lewandowski, Nicolas and Bengio, Yoshua and Vincent, Pascal},
    booktitle={ISMIR},
    year={2013}
}

@article{Schuster1997,
    title={Bidirectional recurrent neural networks},
    author={Schuster, Mike and Paliwal, Kuldip K},
    journal={Signal Processing, IEEE Transactions on},
    volume={45},
    number={11},
    pages={2673--2681},
    year={1997},
    publisher={IEEE}
}

@inproceedings{Devlin2014,
    title={Fast and Robust Neural Network Joint Models for Statistical Machine Translation},
    author={Devlin, Jacob and Zbib, Rabih and Huang, Zhongqiang and Lamar, Thomas and Schwartz, Richard and Makhoul, John},
    booktitle={Association for Computational Linguistics},
    year={2014}
}

@inproceedings{Goodfellow2013,
    title={Maxout Networks},
    author={Goodfellow, Ian and Warde-Farley, David and Mirza, Mehdi and Courville, Aaron and Bengio, Yoshua},
    booktitle={Proceedings of The 30th International Conference on Machine Learning},
    pages={1319--1327},
    year={2013}
}

@inproceedings{son2012continuous,
  title={Continuous space translation models with neural networks},
  author={Son, Le Hai and Allauzen, Alexandre and Yvon, Fran{\c{c}}ois},
  booktitle={Proceedings of the 2012 conference of the north american chapter of the association for computational linguistics: Human language technologies},
  pages={39--48},
  year={2012},
  organization={Association for Computational Linguistics}
}

@article{cettolo2012,
  title={Wit3: Web inventory of transcribed and translated talks},
  author={Cettolo, Mauro and Girardi, Christian and Federico, Marcello},
  journal={Proceedings of the 16th Conference of the European Association for Machine Translation (EAMT)},
  pages={261--268},
  year={2012}
}

@article{yilmaztubitak,
  title={TUBITAK TURKISH-ENGLISH SUBMISSIONS for IWSLT 2013},
  author={Y{\i}lmaz, Ertugrul and El-Kahlout, Ilknur Durgar and Ayd{\i}n, Burak and Ozil, Zisan
      S{\i}la and Mermer, Coskun},
  journal={Proceedings of the 10th International Workshop on Spoken Language Translation (IWSLT)},
  pages={152--159},
  year={2013}
}

@incollection{oflazer2008,
  title={Statistical machine translation into a morphologically complex language},
  author={Oflazer, Kemal},
  booktitle={Computational linguistics and intelligent text processing},
  pages={376--387},
  year={2008},
  publisher={Springer}
}

@incollection{sak2007,
  title={Morphological disambiguation of Turkish text with perceptron algorithm},
  author={Sak, Ha{\c{s}}im and G{\"u}ng{\"o}r, Tunga and Sara{\c{c}}lar, Murat},
  booktitle={Computational Linguistics and Intelligent Text Processing},
  pages={107--118},
  year={2007},
  publisher={Springer}
}

@inproceedings{deoras2011fast,
  title={A fast re-scoring strategy to capture long-distance dependencies},
  author={Deoras, Anoop and Mikolov, Tom{\'a}{\v{s}} and Church, Kenneth},
  booktitle={Proceedings of the Conference on Empirical Methods in Natural Language Processing},
  pages={1116--1127},
  year={2011},
  organization={Association for Computational Linguistics}
}

@inproceedings{bengio2013advances,
    title={Advances in optimizing recurrent networks},
    author={Bengio, Yoshua and Boulanger-Lewandowski, Nicolas and Pascanu, Razvan},
    booktitle={Acoustics, Speech and Signal Processing (ICASSP), 2013 IEEE International Conference on},
    pages={8624--8628},
    year={2013},
    organization={IEEE}
}

@article{Kingma2014,
    author    = {Diederik P. Kingma and Jimmy Ba},
    title     = {Adam: {A}{ Method for Stochastic Optimization}},
    journal   = {ar{X}iv:{\tt 1412.6980 [cs.LG]}},
    year      = 2014,
    month     = Dec
}


@INPROCEEDINGS{Hoang07moses,
    author = {Hieu Hoang and Alexandra Birch and Chris Callison-burch and Richard Zens and Rwth Aachen and Alexandra Constantin and Marcello Federico and Nicola Bertoldi and Chris Dyer and Brooke Cowan and Wade Shen and Christine Moran and OndÅ™ej Bojar},
    title = {Moses: Open source toolkit for statistical machine translation},
    booktitle = {},
    year = {2007},
    pages = {177--180}
}

@article{schwenk2007continuous,
  title={Continuous space language models},
  author={Schwenk, Holger},
  journal={Computer Speech \& Language},
  volume={21},
  number={3},
  pages={492--518},
  year={2007},
  publisher={Elsevier}
}

@inproceedings{Martens+Sutskever-ICML2011-small,
  author = {J. Martens and I. Sutskever},
  title = {Learning recurrent neural networks with {H}essian-free optimization},
 booktitle = {ICML'2011},
 year = 2011,
}

@misc{Young1996htk,
  title={HTK manual},
  author={Young, Steve and Jansen, Joop and Odell, Julian and Ollason, Dave and Woodland, Phil},
  year={1996},
  publisher={Entropic}
}

@article{Oflazer1994outline,
  title={An outline of Turkish morphology},
  author={Oflazer, Kemal and G{\"o}{\c{c}}men, Elvan and Gocmen, Elvan and Bozsahin, Cem},
  year={1994},
  publisher={Citeseer}
}

@inproceedings{mikolov2011rnnlm,
  title={RNNLM-Recurrent neural network language modeling toolkit},
  author={Mikolov, Tomas and Kombrink, Stefan and Deoras, Anoop and Burget, Lukar and Cernocky, Jan},
  booktitle={Proc. of the 2011 ASRU Workshop},
  pages={196--201},
  year={2011}
}

@inproceedings{graves2011practical,
  title={Practical variational inference for neural networks},
  author={Graves, Alex},
  booktitle={Advances in Neural Information Processing Systems},
  pages={2348--2356},
  year={2011}
}

@inproceedings{Chiang2005hierarchical,
  title={A hierarchical phrase-based model for statistical machine translation},
  author={Chiang, David},
  booktitle={Proceedings of the 43rd Annual Meeting on Association for Computational Linguistics},
  pages={263--270},
  year={2005},
  organization={Association for Computational Linguistics}
}

@inproceedings{koehn2003statistical,
  title={Statistical phrase-based translation},
  author={Koehn, Philipp and Och, Franz Josef and Marcu, Daniel},
  booktitle={Proceedings of the 2003 Conference of the North American Chapter of the Association for Computational Linguistics on Human Language Technology-Volume 1},
  pages={48--54},
  year={2003},
  organization={Association for Computational Linguistics}
}

@INPROCEEDINGS{Bergstra2010,
    author = {Bergstra, James and Breuleux, Olivier and Bastien,
        Fr{\'{e}}d{\'{e}}ric and Lamblin, Pascal and Pascanu, Razvan and
            Desjardins, Guillaume and Turian, Joseph and Warde-Farley, David
            and Bengio, Yoshua},
    title = {Theano: a {CPU} and {GPU} Math Expression Compiler},                                 
    booktitle = {Proceedings of the Python for Scientific Computing Conference ({SciPy})},        
    year = {2010},
    location = {Austin, TX},
}

@misc{Bastien2012,
 author = {Frederic Bastien and Pascal Lamblin and Razvan Pascanu and James Bergstra and Ian Goodfellow and Arnaud Bergeron and Nicolas Bouchard and David Warde-Farley and Yoshua Bengio},
 title = {{T}heano: new features and speed improvements},
 howpublished = {Submited to the Deep Learning and Unsupervised Feature Learning NIPS 2012 Workshop},
 year = 2012,
}


@inproceedings{Lin2014,
    author = {Min Lin and Qiang Chen and Shuicheng Yan},
    title = {Network In Network},
    year      = 2014,
    month = apr,
    booktitle     = {Proceedings of the Second International Conference on Learning
        Representations (ICLR 2014)},
}

@article{Li2015,
    title={Video Description Generation Incorporating Spatio-Temporal Features
        and a Soft-Attention Mechanism},
    author={Li Yao and Atousa Torabi and Kyunghyun Cho and Nicolas Ballas and Christopher
        Pal and Hugo Larochelle and Aaron Courville},
    journal={ar{X}iv:1502.08029},
    year={2015}
}

@article{DBLP:journals/corr/LeeXGZT14,
  author    = {Chen{-}Yu Lee and
               Saining Xie and
               Patrick Gallagher and
               Zhengyou Zhang and
               Zhuowen Tu},
  title     = {Deeply-Supervised Nets},
  journal   = {ar{X}iv},
  volume    = {abs/1409.5185},
  year      = {2014},
}

@article{DBLP:journals/corr/abs-1003-0358,
  author    = {Dan Claudiu Ciresan and
               Ueli Meier and
               Luca Maria Gambardella and
               J{\"{u}}rgen Schmidhuber},
  title     = {Deep Big Simple Neural Nets Excel on Handwritten Digit Recognition},
  journal   = {ar{X}iv},
  volume    = {abs/1003.0358},
  year      = {2010},
}

@inproceedings{DBLP:conf/nips/MairalKHS14,
  author    = {Julien Mairal and
               Piotr Koniusz and
               Za{\"{\i}}d Harchaoui and
               Cordelia Schmid},
  title     = {Convolutional Kernel Networks},
  booktitle = {Advances in Neural Information Processing Systems 27: Annual Conference
               on Neural Information Processing Systems 2014, December 8-13 2014,
               Montreal, Quebec, Canada},
  pages     = {2627--2635},
  year      = {2014},
}

@inproceedings{DBLP:conf/icdar/SimardSP03,
  author    = {Patrice Y. Simard and
               David Steinkraus and
               John C. Platt},
  title     = {Best Practices for Convolutional Neural Networks Applied to Visual
               Document Analysis},
  booktitle = {7th International Conference on Document Analysis and Recognition
               (ICDAR 2003), 2-Volume Set, 3-6 August 2003, Edinburgh, Scotland,
               {UK}},
  pages     = {958--962},
  year      = {2003},
}

@article{DBLP:journals/pami/AzzopardiA13,
  author    = {George Azzopardi and
               Nicolai Petkov},
  title     = {Trainable {COSFIRE} Filters for Keypoint Detection and Pattern Recognition},
  journal   = {{IEEE} Trans. Pattern Anal. Mach. Intell.},
  volume    = {35},
  number    = {2},
  pages     = {490--503},
  year      = {2013},
}

@article{DBLP:journals/corr/Graham14a,
  author    = {Benjamin Graham},
  title     = {Fractional Max-Pooling},
  journal   = {ar{X}iv},
  volume    = {abs/1412.6071},
  year      = {2014},
}

@article{DBLP:journals/corr/Graham14,
  author    = {Benjamin Graham},
  title     = {Spatially-sparse convolutional neural networks},
  journal   = {ar{X}iv},
  volume    = {abs/1409.6070},
  year      = {2014},
}

@inproceedings{DBLP:conf/icml/WanZZLF13,
  author    = {Li Wan and
               Matthew D. Zeiler and
               Sixin Zhang and
               Yann LeCun and
               Rob Fergus},
  title     = {Regularization of Neural Networks using DropConnect},
  booktitle = {Proceedings of the 30th International Conference on Machine Learning,
               {ICML} 2013, Atlanta, GA, USA, 16-21 June 2013},
  pages     = {1058--1066},
  year      = {2013},
}

@article{DBLP:journals/corr/SpringenbergR13,
  author    = {Jost Tobias Springenberg and
               Martin A. Riedmiller},
  title     = {Improving Deep Neural Networks with Probabilistic Maxout Units},
  journal   = {ar{X}iv},
  volume    = {abs/1312.6116},
  year      = {2013},
}

@inproceedings{DBLP:conf/nips/SnoekLA12,
  author    = {Jasper Snoek and
               Hugo Larochelle and
               Ryan P. Adams},
  title     = {Practical Bayesian Optimization of Machine Learning Algorithms},
  booktitle = {Advances in Neural Information Processing Systems 25: 26th Annual
               Conference on Neural Information Processing Systems 2012. Proceedings
               of a meeting held December 3-6, 2012, Lake Tahoe, Nevada, United States.},
  pages     = {2960--2968},
  year      = {2012},
}

@article{DBLP:journals/corr/abs-1301-3557,
  author    = {Matthew D. Zeiler and
               Rob Fergus},
  title     = {Stochastic Pooling for Regularization of Deep Convolutional Neural
               Networks},
  journal   = {ar{X}iv},
  volume    = {abs/1301.3557},
  year      = {2013},
}

@article{DBLP:journals/corr/abs-1207-0580,
  author    = {Geoffrey E. Hinton and
               Nitish Srivastava and
               Alex Krizhevsky and
               Ilya Sutskever and
               Ruslan Salakhutdinov},
  title     = {Improving neural networks by preventing co-adaptation of feature detectors},
  journal   = {ar{X}iv},
  volume    = {abs/1207.0580},
  year      = {2012},
}

@inproceedings{Chung2015,
    title={Gated Feedback Recurrent Neural Networks},
    author={Chung, Junyoung and Gulcehre, Caglar and Cho, Kyunghyun and
        Bengio, Yoshua},
    booktitle={International Conference on Machine Learning},
    year={2015}
}

@article{krizhevsky2014one,
    title={One weird trick for parallelizing convolutional neural networks},
    author={Krizhevsky, Alex},
    journal={arXiv preprint arXiv:1404.5997},
    year={2014}
}

@inproceedings{Hamid2012,
    author={Abdel-Hamid, O. and Mohamed, A. and Hui Jiang and Penn, G.}, 
    booktitle={Acoustics, Speech and Signal Processing (ICASSP), 2012 IEEE International Conference on}, 
    title={Applying Convolutional Neural Networks concepts to hybrid NN-HMM model for speech recognition}, 
    year={2012}, 
}

@inproceedings{sainath2013,
  title={Deep convolutional neural networks for LVCSR},
  author={Sainath, Tara N and Mohamed, A-r and Kingsbury, Brian and Ramabhadran, Bhuvana},
  booktitle={Acoustics, Speech and Signal Processing (ICASSP), 2013 IEEE International Conference on},
  pages={8614--8618},
  year={2013},
  organization={IEEE},
}

@inproceedings{toth2014combining,
  title={Combining time-and frequency-domain convolution in convolutional neural network-based phone recognition},
  author={T{\'o}th, L{\'a}szl{\'o}},
  booktitle={Acoustics, Speech and Signal Processing (ICASSP), 2014 IEEE International Conference on},
  pages={190--194},
  year={2014},
  organization={IEEE},
}

@inproceedings{sainath2015,
  title={CONVOLUTIONAL, LONG SHORT-TERM MEMORY, FULLY CONNECTED DEEP NEURAL NETWORKS},
  author={Sainath, Tara N and Vinyals, Oriol and Senior, Andrew and Sak, Hasim},
  booktitle={Acoustics, Speech and Signal Processing (ICASSP), 2015 IEEE International Conference on},
  year={2015},
}

@inproceedings{byeon2014texture,
  title={Texture Classification Using 2D LSTM Networks},
  author={Byeon, Wonmin and Liwicki, Marcus and Breuel, Thomas M},
  booktitle={Pattern Recognition (ICPR), 2014 22nd International Conference on},
  pages={1144--1149},
  year={2014},
  organization={IEEE}
}

@article{Springenberg2014,
    title={Striving for Simplicity: The All Convolutional Net},
    author={Jost Tobias Springenberg and Alexey Dosovitskiy and Thomas Brox and Martin
        Riedmiller},
    journal={arXiv preprint arXiv:1412.6806},
    year={2014}
}

@article{DBLP:journals/corr/Bengio14,
  author    = {Yoshua Bengio},
  title     = {How Auto-Encoders Could Provide Credit Assignment in Deep Networks
               via Target Propagation},
  journal   = {CoRR},
  volume    = {abs/1407.7906},
  year      = {2014},
  url       = {http://arxiv.org/abs/1407.7906},
  timestamp = {Fri, 01 Aug 2014 13:50:01 +0200},
  biburl    = {http://dblp.uni-trier.de/rec/bib/journals/corr/Bengio14},
  bibsource = {dblp computer science bibliography, http://dblp.org}
}

@INPROCEEDINGS{Borenstein04combiningtop-down,
    author = {Eran Borenstein},
    title = {Combining top-down and bottom-up segmentation},
    booktitle = {In Proceedings IEEE workshop on Perceptual Organization in Computer Vision, CVPR},
    year = {2004},
    pages = {46}
}

@inproceedings{Fashionista,
 author = {Yamaguchi, Kota},
 title = {Parsing Clothing in Fashion Photographs},
 booktitle = {Proceedings of the 2012 IEEE Conference on Computer Vision and Pattern Recognition (CVPR)},
 series = {CVPR '12},
 year = {2012},
 isbn = {978-1-4673-1226-4},
 pages = {3570--3577},
 numpages = {8},
 url = {http://dl.acm.org/citation.cfm?id=2354409.2355126},
 acmid = {2355126},
 publisher = {IEEE Computer Society},
 address = {Washington, DC, USA},
 keywords = {Clothing,Estimation,Labeling,Training,Visualization,Prototypes,Joints},
} 

@article{Shi2000,
 author = {Shi, Jianbo and Malik, Jitendra},
 title = {Normalized Cuts and Image Segmentation},
 journal = {IEEE Trans. Pattern Anal. Mach. Intell.},
 issue_date = {August 2000},
 volume = {22},
 number = {8},
 month = aug,
 year = {2000},
 issn = {0162-8828},
 pages = {888--905},
 numpages = {18},
 url = {http://dx.doi.org/10.1109/34.868688},
 doi = {10.1109/34.868688},
 acmid = {351611},
 publisher = {IEEE Computer Society},
 address = {Washington, DC, USA},
 keywords = {Grouping, image segmentation, graph partitioning.},
} 

@article{Felzenszwalb2004,
 author = {Felzenszwalb, Pedro F. and Huttenlocher, Daniel P.},
 title = {Efficient Graph-Based Image Segmentation},
 journal = {Int. J. Comput. Vision},
 issue_date = {September 2004},
 volume = {59},
 number = {2},
 month = sep,
 year = {2004},
 issn = {0920-5691},
 pages = {167--181},
 numpages = {15},
 url = {http://dx.doi.org/10.1023/B:VISI.0000022288.19776.77},
 doi = {10.1023/B:VISI.0000022288.19776.77},
 acmid = {981796},
 publisher = {Kluwer Academic Publishers},
 address = {Hingham, MA, USA},
 keywords = {clustering, graph algorithm, image segmentation, perceptual organization},
} 

@article{boykov2006graph,
  title={Graph cuts and efficient ND image segmentation},
  author={Boykov, Yuri and Funka-Lea, Gareth},
  journal={International journal of computer vision},
  volume={70},
  number={2},
  pages={109--131},
  year={2006},
  publisher={Springer}
}

@article{besag1986statistical,
  title={On the statistical analysis of dirty pictures},
  author={Besag, Julian},
  journal={Journal of the Royal Statistical Society. Series B (Methodological)},
  pages={259--302},
  year={1986},
  publisher={JSTOR}
}

@ARTICLE{Cai07fastand,
    author = {Weiling Cai and Songcan Chen and Daoqiang Zhang},
    title = {Fast and robust fuzzy c-means clustering algorithms incorporating local information for image segmentation},
    journal = {Pattern Recognition},
    year = {2007},
    volume = {40},
    pages = {825--838}
}

@book{Blake1987,
 author = {Blake, Andrew and Zisserman, Andrew},
 title = {Visual Reconstruction},
 year = {1987},
 isbn = {0-262-02271-0},
 publisher = {MIT Press},
 address = {Cambridge, MA, USA},
} 

@article{Geman1984,
 author = {Geman, Stuart and Geman, Donald},
 title = {Stochastic Relaxation, Gibbs Distributions, and the Bayesian Restoration of Images},
 journal = {IEEE Trans. Pattern Anal. Mach. Intell.},
 issue_date = {November 1984},
 volume = {6},
 number = {6},
 month = nov,
 year = {1984},
 issn = {0162-8828},
 pages = {721--741},
 numpages = {21},
 url = {http://dx.doi.org/10.1109/TPAMI.1984.4767596},
 doi = {10.1109/TPAMI.1984.4767596},
 acmid = {2286617},
 publisher = {IEEE Computer Society},
 address = {Washington, DC, USA},
 keywords = {Annealing, Gibbs distribution, MAP estimate, Markov random field, image restoration, line process, relaxation, scene modeling, spatial degradation},
} 

@article{visin2015renet,
  title={ReNet: A Recurrent Neural Network Based Alternative to Convolutional Networks},
  author={Visin, Francesco and Kastner, Kyle and Cho, Kyunghyun and Matteucci, Matteo and Courville, Aaron and Bengio, Yoshua},
  journal={arXiv preprint arXiv:1505.00393},
  year={2015}
}

@article{chen2015semantic,
  title={Semantic Image Segmentation with Task-Specific Edge Detection Using CNNs and a Discriminatively Trained Domain Transform},
  author={Chen, Liang-Chieh and Barron, Jonathan T and Papandreou, George and Murphy, Kevin and Yuille, Alan L},
  journal={arXiv preprint arXiv:1511.03328},
  year={2015}
}

@article{kalchbrenner2015grid,
  title={Grid Long Short-Term Memory},
  author={Kalchbrenner, Nal and Danihelka, Ivo and Graves, Alex},
  journal={arXiv preprint arXiv:1507.01526},
  year={2015}
}

@InProceedings{Nilsback06,
   author = "Nilsback, M-E. and Zisserman, A.",
   title = "A Visual Vocabulary for Flower Classification",
   booktitle = "Proceedings of the IEEE Conference on Computer Vision and Pattern Recognition",
   year = 2006,
   volume = "2",
   pages = "1447--1454",
} 

@inproceedings{Xiaomeng14,
	title = {Tri-Map Self-Validation Based on Least Gibbs Energy for Foreground Segmentation},
	author = {Wu, Xiaomeng and Kashino, Kunio},
	year = {2014},
	booktitle = {Proceedings of the British Machine Vision Conference},
	publisher = {BMVA Press},
	editors = {Valstar, Michel and French, Andrew and Pridmore, Tony},
	doi = { http://dx.doi.org/10.5244/C.28.57 }
}

@article{Laurent2015,
  author    = {C{\'{e}}sar Laurent and
               Gabriel Pereyra and
               Philemon Brakel and
               Ying Zhang and
               Yoshua Bengio},
  title     = {Batch Normalized Recurrent Neural Networks},
  journal   = {CoRR},
  volume    = {abs/1510.01378},
  year      = {2015},
  url       = {http://arxiv.org/abs/1510.01378},
  timestamp = {Sun, 01 Nov 2015 17:30:45 +0100},
  biburl    = {http://dblp.uni-trier.de/rec/bib/journals/corr/LaurentPBZB15},
  bibsource = {dblp computer science bibliography, http://dblp.org}
}

@article{cooijmans2016recurrent,
  title={Recurrent Batch Normalization},
  author={Cooijmans, Tim and Ballas, Nicolas and Laurent, C{\'e}sar and Courville, Aaron},
  journal={arXiv preprint arXiv:1603.09025},
  year={2016}
}

@article{arpit2016normalization,
  title={Normalization Propagation: A Parametric Technique for Removing Internal Covariate Shift in Deep Networks},
  author={Arpit, Devansh and Zhou, Yingbo and Kota, Bhargava U and Govindaraju, Venu},
  journal={arXiv preprint arXiv:1603.01431},
  year={2016}
}

@inproceedings{glorot2010understanding,
  title={Understanding the difficulty of training deep feedforward neural networks},
  author={Glorot, Xavier and Bengio, Yoshua},
  booktitle={International conference on artificial intelligence and statistics},
  pages={249--256},
  year={2010}
}

@inproceedings{yang2015patchcut,
  title={PatchCut: Data-Driven Object Segmentation via Local Shape Transfer},
  author={Yang, Jimei and Price, Brian and Cohen, Scott and Lin, Zhe and Yang, Ming-Hsuan},
  booktitle={Proceedings of the IEEE Conference on Computer Vision and Pattern Recognition},
  pages={1770--1778},
  year={2015}
}

@article{liu2015crf,
  title={CRF learning with CNN features for image segmentation},
  author={Liu, Fayao and Lin, Guosheng and Shen, Chunhua},
  journal={Pattern Recognition},
  year={2015},
  publisher={Elsevier}
}

@inproceedings{kuettel2012figure,
  title={Figure-ground segmentation by transferring window masks},
  author={Kuettel, Daniel and Ferrari, Vittorio},
  booktitle={Computer Vision and Pattern Recognition (CVPR), 2012 IEEE Conference on},
  pages={558--565},
  year={2012},
  organization={IEEE}
}

@inproceedings{bertelli2011kernelized,
  title={Kernelized structural SVM learning for supervised object segmentation},
  author={Bertelli, Luca and Yu, Tianli and Vu, Diem and Gokturk, Burak},
  booktitle={Computer Vision and Pattern Recognition (CVPR), 2011 IEEE Conference on},
  pages={2153--2160},
  year={2011},
  organization={IEEE}
}

@article{levin2009learning,
  title={Learning to combine bottom-up and top-down segmentation},
  author={Levin, Anat and Weiss, Yair},
  journal={International Journal of Computer Vision},
  volume={81},
  number={1},
  pages={105--118},
  year={2009},
  publisher={Springer}
}

@INPROCEEDINGS{Krogh92asimple,
    author = {Anders Krogh and John A. Hertz},
    title = {A Simple Weight Decay Can Improve Generalization},
    booktitle = {ADVANCES IN NEURAL INFORMATION PROCESSING SYSTEMS 4},
    year = {1992},
    pages = {950--957},
    publisher = {Morgan Kaufmann}
}

@book{bradski2008learning,
  title={Learning OpenCV: Computer vision with the OpenCV library},
  author={Bradski, Gary and Kaehler, Adrian},
  year={2008},
  publisher={" O'Reilly Media, Inc."}
}

@article{rother2004grabcut,
  title={Grabcut: Interactive foreground extraction using iterated graph cuts},
  author={Rother, Carsten and Kolmogorov, Vladimir and Blake, Andrew},
  journal={ACM Transactions on Graphics (TOG)},
  volume={23},
  number={3},
  pages={309--314},
  year={2004},
  publisher={ACM}
}

@inproceedings{sainath2015learning,
      title={Learning the Speech Front-end With Raw Waveform CLDNNs},
        author={Sainath, Tara N and Weiss, Ron J and Senior, Andrew and Wilson,
            Kevin W and Vinyals, Oriol},
          booktitle={Sixteenth Annual Conference of the International Speech
              Communication Association},
            year={2015}
}

@article{DosovitskiySB14,
  author    = {Alexey Dosovitskiy and
               Jost Tobias Springenberg and
               Thomas Brox},
  title     = {Learning to Generate Chairs with Convolutional Neural Networks},
  journal   = {CoRR},
  volume    = {abs/1411.5928},
  year      = {2014},
  url       = {http://arxiv.org/abs/1411.5928},
  timestamp = {Mon, 01 Dec 2014 14:32:13 +0100},
  biburl    = {http://dblp.uni-trier.de/rec/bib/journals/corr/DosovitskiySB14},
  bibsource = {dblp computer science bibliography, http://dblp.org}
}

@inproceedings{long2015fully,
  title={Fully convolutional networks for semantic segmentation},
  author={Long, Jonathan and Shelhamer, Evan and Darrell, Trevor},
  booktitle={Proceedings of the IEEE Conference on Computer Vision and Pattern Recognition},
  pages={3431--3440},
  year={2015}
}

@article{hariharan2014hypercolumns,
  title={Hypercolumns for object segmentation and fine-grained localization},
  author={Hariharan, Bharath and Arbel{\'a}ez, Pablo and Girshick, Ross and Malik, Jitendra},
  journal={arXiv preprint arXiv:1411.5752},
  year={2014}
}

@article{ronneberger2015u,
  title={U-Net: Convolutional Networks for Biomedical Image Segmentation},
  author={Ronneberger, Olaf and Fischer, Philipp and Brox, Thomas},
  journal={arXiv preprint arXiv:1505.04597},
  year={2015}
}

@incollection{robinson1996use,
  title={The use of recurrent neural networks in continuous speech recognition},
  author={Robinson, Tony and Hochberg, Mike and Renals, Steve},
  booktitle={Automatic speech and speaker recognition},
  pages={233--258},
  year={1996},
  publisher={Springer}
}

@inproceedings{byeon2015scene,
  title={Scene Labeling with LSTM Recurrent Neural Networks},
  author={Byeon, Wonmin and Breuel, Thomas M and Raue, Federico and Liwicki, Marcus},
  booktitle={Proceedings of the IEEE Conference on Computer Vision and Pattern Recognition},
  pages={3547--3555},
  year={2015}
}

@book{behnke2003hierarchical,
  title={Hierarchical neural networks for image interpretation},
  author={Behnke, Sven},
  volume={2766},
  year={2003},
  publisher={Springer Science \& Business Media}
}

@inproceedings{stollenga2015parallel,
  title={Parallel Multi-Dimensional LSTM, With Application to Fast Biomedical Volumetric Image Segmentation},
  author={Stollenga, Marijn F and Byeon, Wonmin and Liwicki, Marcus and Schmidhuber, Juergen},
  booktitle={Advances in Neural Information Processing Systems},
  pages={2980--2988},
  year={2015}
}

@misc{Grangier:2009,
  author = {Grangier, David and Bottou, L\'{e}on and Collobert, Ronan},
  title = {Deep Convolutional Networks for Scene Parsing},
  howpublished = {ICML 2009 Workshop on Learning Feature Hierarchies},
  month = {June},
  year = {2009},
  url = {http://leon.bottou.org/papers/grangier-bottou-collobert-2009},
}
@article{Farabet:2013,
author = {Clement Farabet and Camille Couprie and Laurent Najman and Yann LeCun},
title = {Learning Hierarchical Features for Scene Labeling},
journal ={IEEE TPAMI},
volume = {35},
number = {8},
issn = {0162-8828},
year = {2013},
pages = {1915-1929},
doi = {http://doi.ieeecomputersociety.org/10.1109/TPAMI.2012.231},
publisher = {IEEE Computer Society},
address = {Los Alamitos, CA, USA},
}
@article{Pinheiro:2014,
  author = {Pedro Pinheiro and Ronan Collobert},
  journal = {JMLR},
  number = 32,
  pages = {82-90},
  title = {Recurrent Convolutional Neural Networks for Scene Labeling},
  volume = 1,
  year = 2014
}
@inproceedings{Gatta14-deepvision,
  author    = {Carlo Gatta and
               Adriana Romero and
               Joost van de Weijer},
  title     = {Unrolling Loopy Top-Down Semantic Feedback in Convolutional Deep Networks},
  booktitle = {{IEEE} Conference on Computer Vision and Pattern Recognition, {CVPR}
               Workshops 2014, Columbus, OH, USA, June 23-28, 2014},
  pages     = {504--511},
  year      = {2014},
}
@article{radford2015unsupervised,
  title={Unsupervised Representation Learning with Deep Convolutional Generative Adversarial Networks},
  author={Radford, Alec and Metz, Luke and Chintala, Soumith},
  journal={arXiv preprint arXiv:1511.06434},
  year={2015}
}
@article{im2016generating,
  title={Generating images with recurrent adversarial networks},
  author={Im, Daniel Jiwoong and Kim, Chris Dongjoo and Jiang, Hui and Memisevic, Roland},
  journal={arXiv preprint arXiv:1602.05110},
  year={2016}
}

@misc{lasagne,
  author       = {Sander Dieleman and
                  Jan SchlÃ¼ter and
                  Colin Raffel and
                  Eben Olson and
                  SÃ¸ren Kaae SÃ¸nderby and
                  Daniel Nouri and
                  Daniel Maturana and
                  Martin Thoma and
                  Eric Battenberg and
                  Jack Kelly and
                  Jeffrey De Fauw and
                  Michael Heilman and
                  diogo149 and
                  Brian McFee and
                  Hendrik Weideman and
                  takacsg84 and
                  peterderivaz and
                  Jon and
                  instagibbs and
                  Dr. Kashif Rasul and
                  CongLiu and
                  Britefury and
                  Jonas Degrave},
  title        = {Lasagne: First release.},
  month        = aug,
  year         = 2015,
  doi          = {10.5281/zenodo.27878},
  url          = {http://dx.doi.org/10.5281/zenodo.27878}
}

@article{DBLP:journals/corr/YanZJBY16,
  author    = {Zhicheng Yan and
               Hao Zhang and
               Yangqing Jia and
               Thomas Breuel and
               Yizhou Yu},
  title     = {Combining the Best of Convolutional Layers and Recurrent Layers: {A}
               Hybrid Network for Semantic Segmentation},
  journal   = {CoRR},
  volume    = {abs/1603.04871},
  year      = {2016},
  url       = {http://arxiv.org/abs/1603.04871},
  timestamp = {Sat, 02 Apr 2016 11:49:48 +0200},
  biburl    = {http://dblp.uni-trier.de/rec/bib/journals/corr/YanZJBY16},
  bibsource = {dblp computer science bibliography, http://dblp.org}
}
@inproceedings{Erhan2014,
 author = {Erhan, Dumitru and Szegedy, Christian and Toshev, Alexander and Anguelov, Dragomir},
 title = {Scalable Object Detection Using Deep Neural Networks},
 booktitle = {Proceedings of the 2014 IEEE Conference on Computer Vision and Pattern Recognition},
 series = {CVPR '14},
 year = {2014},
 isbn = {978-1-4799-5118-5},
 pages = {2155--2162},
 numpages = {8},
 url = {http://dx.doi.org/10.1109/CVPR.2014.276},
 doi = {10.1109/CVPR.2014.276},
 acmid = {2679974},
 publisher = {IEEE Computer Society},
 address = {Washington, DC, USA},
} 

@inproceedings{GravesJ14,
  author    = {Alex Graves and
               Navdeep Jaitly},
  title     = {Towards End-To-End Speech Recognition with Recurrent Neural Networks},
  booktitle = {Proceedings of the 31th International Conference on Machine Learning,
               {ICML} 2014, Beijing, China, 21-26 June 2014},
  pages     = {1764--1772},
  year      = {2014},
  crossref  = {DBLP:conf/icml/2014},
  url       = {http://jmlr.org/proceedings/papers/v32/graves14.html},
  timestamp = {Fri, 07 Nov 2014 20:42:30 +0100},
  biburl    = {http://dblp.uni-trier.de/rec/bib/conf/icml/GravesJ14},
  bibsource = {dblp computer science bibliography, http://dblp.org}
}

@article{noh2015learning,
  title={Learning Deconvolution Network for Semantic Segmentation},
  author={Noh, Hyeonwoo and Hong, Seunghoon and Han, Bohyung},
  journal={arXiv preprint arXiv:1505.04366},
  year={2015}
}

@article{long2014fully,
    title = {Fully Convolutional Networks for Semantic Segmentation},
   author = {Long, Jonathan and Shelhamer, Evan and Darrell, Trevor},
  journal = {CVPR (to appear)},
archivePrefix = "arXiv",
   eprint = {1411.4038},
 primaryClass = "cs.CV",
 keywords = {Computer Science - Computer Vision and Pattern Recognition},
     year = 2015,
    month = nov,
}

@InProceedings{Hariharan2015,
  author       = "Bharath Hariharan and Pablo Arbel\'{a}ez and Ross Girshick and Jitendra Malik",
  title        = "Hypercolumns for Object Segmentation and Fine-grained Localization",
  booktitle    = "Computer Vision and Pattern Recognition (CVPR)",
  year         = "2015",
}

@InProceedings{Ronneberger2015,
  author       = "O. Ronneberger and P.Fischer and T. Brox",
  title        = "U-Net: Convolutional Networks for Biomedical Image Segmentation",
  booktitle    = "Medical Image Computing and Computer-Assisted Intervention (MICCAI)",
  series       = "LNCS",
  volume       = "9351",
  pages        = "234--241",
  year         = "2015",
  publisher    = "Springer",
  note         = "(available on arXiv:1505.04597 [cs.CV])",
  url          = "http://lmb.informatik.uni-freiburg.de//Publications/2015/RFB15a"
}

@inproceedings{Singh2013,
  author    = {Gautam Singh and
               Jana Kosecka},
  title     = {Nonparametric Scene Parsing with Adaptive Feature Relevance and Semantic
               Context},
  booktitle = {2013 {IEEE} Conference on Computer Vision and Pattern Recognition,
               Portland, OR, USA, June 23-28, 2013},
  pages     = {3151--3157},
  year      = {2013},
  url       = {http://dx.doi.org/10.1109/CVPR.2013.405},
  biburl    = {http://dblp.uni-trier.de/rec/bib/conf/cvpr/SinghK13},
}

@article{Zeiler2012-ada,
  author = {Zeiler, Matthew D.},
  ee = {http://arxiv.org/abs/1212.5701},
  journal = {CoRR},
  title = {ADADELTA: An Adaptive Learning Rate Method},
  url = {http://dblp.uni-trier.de/db/journals/corr/corr1212.html#abs-1212-5701},
  volume = {abs/1212.5701},
  year = 2012
}

@incollection{Krizhevsky2012-alexnet,
title = {ImageNet Classification with Deep Convolutional Neural Networks},
author = {Alex Krizhevsky and Sutskever, Ilya and Geoffrey E. Hinton},
booktitle = {Advances in Neural Information Processing Systems 25},
editor = {F. Pereira and C. J. C. Burges and L. Bottou and K. Q. Weinberger},
pages = {1097--1105},
year = {2012},
publisher = {Curran Associates, Inc.},
url = {http://papers.nips.cc/paper/4824-imagenet-classification-with-deep-convolutional-neural-networks.pdf}
}




@inproceedings{le1997reading,
  title={Reading checks with multilayer graph transformer networks},
  author={Le Cun, Yann and Bottou, L{\'e}on and Bengio, Yoshua},
  booktitle={Acoustics, Speech, and Signal Processing, 1997. ICASSP-97., 1997 IEEE International Conference on},
  volume={1},
  pages={151--154},
  year={1997},
  organization={IEEE}
}

@inproceedings{bergstra2010theano,
  title={Theano: A CPU and GPU math compiler in Python},
  author={Bergstra, James and Breuleux, Olivier and Bastien, Fr{\'e}d{\'e}ric and Lamblin, Pascal and Pascanu, Razvan and Desjardins, Guillaume and Turian, Joseph and Warde-Farley, David and Bengio, Yoshua},
  booktitle={Proc. 9th Python in Science Conf},
  pages={1--7},
  year={2010}
}

@inproceedings{collobert2011torch7,
  title={Torch7: A matlab-like environment for machine learning},
  author={Collobert, Ronan and Kavukcuoglu, Koray and Farabet, Cl{\'e}ment},
  booktitle={BigLearn, NIPS Workshop},
  number={EPFL-CONF-192376},
  year={2011}
}

@inproceedings{zeiler2011adaptive,
  title={Adaptive deconvolutional networks for mid and high level feature learning},
  author={Zeiler, Matthew D and Taylor, Graham W and Fergus, Rob},
  booktitle={Computer Vision (ICCV), 2011 IEEE International Conference on},
  pages={2018--2025},
  year={2011},
  organization={IEEE}
}

@inproceedings{krizhevsky2012imagenet,
  title={Imagenet classification with deep convolutional neural networks},
  author={Krizhevsky, Alex and Sutskever, Ilya and Hinton, Geoffrey E},
  booktitle={Advances in neural information processing systems},
  pages={1097--1105},
  year={2012}
}

@article{bastien2012theano,
  title={Theano: new features and speed improvements},
  author={Bastien, Fr{\'e}d{\'e}ric and Lamblin, Pascal and Pascanu, Razvan and Bergstra, James and Goodfellow, Ian and Bergeron, Arnaud and Bouchard, Nicolas and Warde-Farley, David and Bengio, Yoshua},
  journal={arXiv preprint arXiv:1211.5590},
  year={2012}
}

@inproceedings{jia2014caffe,
  title={Caffe: Convolutional architecture for fast feature embedding},
  author={Jia, Yangqing and Shelhamer, Evan and Donahue, Jeff and Karayev, Sergey and Long, Jonathan and Girshick, Ross and Guadarrama, Sergio and Darrell, Trevor},
  booktitle={Proceedings of the ACM International Conference on Multimedia},
  pages={675--678},
  year={2014},
  organization={ACM}
}

@incollection{zeiler2014visualizing,
  title={Visualizing and understanding convolutional networks},
  author={Zeiler, Matthew D and Fergus, Rob},
  booktitle={Computer vision--ECCV 2014},
  pages={818--833},
  year={2014},
  publisher={Springer}
}

@article{abaditensorflow,
  title={TensorFlow: Large-scale machine learning on heterogeneous systems},
  author={Abadi, Mart{\i}n and Agarwal, Ashish and Barham, Paul and Brevdo, Eugene and Chen, Zhifeng and Citro, Craig and Corrado, Greg S and Davis, Andy and Dean, Jeffrey and Devin, Matthieu and others},
  journal={Software available from tensorflow.org},
  year={2015}
}

@InProceedings{Visin_2016_CVPR_Workshops,
author = {Visin, Francesco and Ciccone, Marco and Romero, Adriana and Kastner, Kyle and Cho, Kyunghyun and Bengio, Yoshua and Matteucci, Matteo and Courville, Aaron},
title = {ReSeg: A Recurrent Neural Network-Based Model for Semantic Segmentation},
booktitle = {The IEEE Conference on Computer Vision and Pattern Recognition (CVPR) Workshops},
month = {June},
year = {2016}
}

@inproceedings {boureau-cvpr-10,
    title = "Learning Mid-Level Features for Recognition",
    author = "Boureau, {Y-Lan} and Bach, Francis and LeCun, Yann and Ponce, Jean",
    booktitle = "Proc. International Conference on Computer Vision and Pattern Recognition (CVPR'10)",
    publisher = "IEEE",   
    year = "2010"
}

@InProceedings{ICML2011Saxe_551,
  author =    {Andrew Saxe and Pang Wei Koh and Zhenghao Chen and Maneesh Bhand and Bipin Suresh and Andrew Ng},
  title =     {On Random Weights and Unsupervised Feature Learning },
  booktitle = {Proceedings of the 28th International Conference on Machine Learning (ICML-11)},
  series =    {ICML '11},
  year =      {2011},
  editor =    {Lise Getoor and Tobias Scheffer},
  location =  {Bellevue, Washington, USA},
  isbn =      {978-1-4503-0619-5},
  month =     {June},
  publisher = {ACM},
  address =   {New York, NY, USA},
  pages=      {1089--1096},
}

@article{drachman2005we,
  title={Do we have brain to spare?},
  author={Drachman, David A},
  journal={Neurology},
  volume={64},
  number={12},
  pages={2004--2005},
  year={2005},
  publisher={AAN Enterprises}
}

@article{srivastava2015unsupervised,
  title={Unsupervised learning of video representations using lstms},
  author={Srivastava, Nitish and Mansimov, Elman and Salakhutdinov, Ruslan},
  journal={CoRR, abs/1502.04681},
  volume={2},
  year={2015}
}

@article{dumoulin2016guide,
  title={A guide to convolution arithmetic for deep learning},
  author={Dumoulin, Vincent and Visin, Francesco},
  journal={arXiv preprint arXiv:1603.07285},
  year={2016}
}

@inproceedings{xingjian2015convolutional,
  title={Convolutional LSTM network: A machine learning approach for precipitation nowcasting},
  author={Xingjian, SHI and Chen, Zhourong and Wang, Hao and Yeung, Dit-Yan and Wong, Wai-kin and Woo, Wang-chun},
  booktitle={Advances in Neural Information Processing Systems},
  pages={802--810},
  year={2015}
}

@misc{olah2016attention,
  author = {Olah, Chris and Carter, Shan},
  title = {Attention and Augmented Recurrent Neural Networks},
  year = {2016},
  howpublished = {http://distill.pub/2016/augmented-rnns/}
}

@misc{olah2015rnns,
  author = {Olah, Chris},
  title = {Understanding LSTM Networks},
  year = {2015},
  howpublished = {http://colah.github.io/posts/2015-08-Understanding-LSTMs/},
}

@inproceedings{dufournaud2000matching,
  title={Matching images with different resolutions},
  author={Dufournaud, Yves and Schmid, Cordelia and Horaud, Radu},
  booktitle={Computer Vision and Pattern Recognition, 2000. Proceedings. IEEE Conference on},
  volume={1},
  pages={612--618},
  year={2000},
  organization={IEEE}
}

@inproceedings{harris1988combined,
  title={A combined corner and edge detector.},
  author={Harris, Chris and Stephens, Mike},
  booktitle={Alvey vision conference},
  volume={15},
  pages={50},
  year={1988},
  organization={Citeseer}
}

@inproceedings{mikolajczyk2001indexing,
  title={Indexing based on scale invariant interest points},
  author={Mikolajczyk, Krystian and Schmid, Cordelia},
  booktitle={Computer Vision, 2001. ICCV 2001. Proceedings. Eighth IEEE International Conference on},
  volume={1},
  pages={525--531},
  year={2001},
  organization={IEEE}
}

@article{mikolajczyk2005performance,
  title={A performance evaluation of local descriptors},
  author={Mikolajczyk, Krystian and Schmid, Cordelia},
  journal={IEEE transactions on pattern analysis and machine intelligence},
  volume={27},
  number={10},
  pages={1615--1630},
  year={2005},
  publisher={IEEE}
}

@inproceedings{lowe1999object,
  title={Object recognition from local scale-invariant features},
  author={Lowe, David G},
  booktitle={Computer vision, 1999. The proceedings of the seventh IEEE international conference on},
  volume={2},
  pages={1150--1157},
  year={1999},
  organization={Ieee}
}

@article{belongie2002shape,
  title={Shape matching and object recognition using shape contexts},
  author={Belongie, Serge and Malik, Jitendra and Puzicha, Jan},
  journal={IEEE transactions on pattern analysis and machine intelligence},
  volume={24},
  number={4},
  pages={509--522},
  year={2002},
  publisher={IEEE}
}

@article{cheng2001color,
  title={Color image segmentation: advances and prospects},
  author={Cheng, Heng-Da and Jiang, XH and Sun, Ying and Wang, Jingli},
  journal={Pattern recognition},
  volume={34},
  number={12},
  pages={2259--2281},
  year={2001},
  publisher={Elsevier}
}

@article{felzenszwalb2010object,
  title={Object detection with discriminatively trained part-based models},
  author={Felzenszwalb, Pedro F and Girshick, Ross B and McAllester, David and Ramanan, Deva},
  journal={IEEE transactions on pattern analysis and machine intelligence},
  volume={32},
  number={9},
  pages={1627--1645},
  year={2010},
  publisher={IEEE}
}

@article{Sermanet13overfeat,
  author    = {Pierre Sermanet and
               David Eigen and
               Xiang Zhang and
               Micha{\"{e}}l Mathieu and
               Rob Fergus and
               Yann LeCun},
  title     = {OverFeat: Integrated Recognition, Localization and Detection using
               Convolutional Networks},
  journal   = {CoRR},
  volume    = {abs/1312.6229},
  year      = {2013},
  url       = {http://arxiv.org/abs/1312.6229},
  timestamp = {Mon, 06 Jan 2014 15:10:41 +0100},
  biburl    = {http://dblp.uni-trier.de/rec/bib/journals/corr/SermanetEZMFL13},
  bibsource = {dblp computer science bibliography, http://dblp.org}
}

@inproceedings{simonyan2014two,
  title={Two-stream convolutional networks for action recognition in videos},
  author={Simonyan, Karen and Zisserman, Andrew},
  booktitle={Advances in Neural Information Processing Systems},
  pages={568--576},
  year={2014}
}

@inproceedings{karpathy2014large,
  title={Large-scale video classification with convolutional neural networks},
  author={Karpathy, Andrej and Toderici, George and Shetty, Sanketh and Leung, Thomas and Sukthankar, Rahul and Fei-Fei, Li},
  booktitle={Proceedings of the IEEE conference on Computer Vision and Pattern Recognition},
  pages={1725--1732},
  year={2014}
}

@article{yeung2015end,
  title={End-to-end Learning of Action Detection from Frame Glimpses in Videos},
  author={Yeung, Serena and Russakovsky, Olga and Mori, Greg and Fei-Fei, Li},
  journal={arXiv preprint arXiv:1511.06984},
  year={2015}
}

@inproceedings{yao2015describing,
  title={Describing videos by exploiting temporal structure},
  author={Yao, Li and Torabi, Atousa and Cho, Kyunghyun and Ballas, Nicolas and Pal, Christopher and Larochelle, Hugo and Courville, Aaron},
  booktitle={Proceedings of the IEEE International Conference on Computer Vision},
  pages={4507--4515},
  year={2015}
}

@Article{Simonyan14vgg,
  author       = "Simonyan, K. and Zisserman, A.",
  title        = "Very Deep Convolutional Networks for Large-Scale Image Recognition",
  journal      = "CoRR",
  volume       = "abs/1409.1556",
  year         = "2014"
}

@inproceedings{Szegedy15googlelenet,
  author    = {Christian Szegedy and
               Wei Liu and
               Yangqing Jia and
               Pierre Sermanet and
               Scott E. Reed and
               Dragomir Anguelov and
               Dumitru Erhan and
               Vincent Vanhoucke and
               Andrew Rabinovich},
  title     = {Going deeper with convolutions},
  booktitle = {{IEEE} Conference on Computer Vision and Pattern Recognition},
  pages     = {1--9},
  year      = {2015},
}

@article{Tran16v2v,
  author    = {Du Tran and
               Lubomir D. Bourdev and
               Rob Fergus and
               Lorenzo Torresani and
               Manohar Paluri},
  title     = {Deep End2End Voxel2Voxel Prediction},
  journal   = {CoRR},
  volume    = {abs/1511.06681},
  year      = {2015},
  url       = {http://arxiv.org/abs/1511.06681},
  timestamp = {Tue, 01 Dec 2015 19:22:34 +0100},
  biburl    = {http://dblp.uni-trier.de/rec/bib/journals/corr/TranBFTP15},
}

@article{Schuster1997bidirecrnn,
  author = {Schuster, M. and Paliwal, K.K.},
  title = {Bidirectional Recurrent Neural Networks},
  journal = {Trans. Sig. Proc.},
  issue_date = {November 1997},
  volume = {45},
  number = {11},
  month = nov,
  year = {1997},
  issn = {1053-587X},
  pages = {2673--2681},
  numpages = {9},
  url = {http://dx.doi.org/10.1109/78.650093},
  doi = {10.1109/78.650093},
  acmid = {2205129},
  publisher = {IEEE Press},
  address = {Piscataway, NJ, USA},
} 

@inProceedings{Du2015_CVPR,
  author = {Du, Yong and Wang, Wei and Wang, Liang},
  title = {Hierarchical Recurrent Neural Network for Skeleton Based Action 
      Recognition},
  booktitle = {The IEEE Conference on Computer Vision and Pattern Recognition 
      (CVPR)},
  month = {June},
  year = {2015}
}

@article{liu2015parsenet,
  title={Parsenet: Looking wider to see better},
  author={Liu, Wei and Rabinovich, Andrew and Berg, Alexander C},
  journal={arXiv preprint arXiv:1506.04579},
  year={2015}
}

@inproceedings{hariharan2015hypercolumns,
  title={Hypercolumns for object segmentation and fine-grained localization},
  author={Hariharan, Bharath and Arbel{\'a}ez, Pablo and Girshick, Ross and 
      Malik, Jitendra},
  booktitle={Proceedings of the IEEE Conference on Computer Vision and Pattern 
      Recognition},
  pages={447--456},
  year={2015}
}

@inproceedings{Perazzi2016,
  author = {F. Perazzi and J. Pont-Tuset and B. McWilliams and L. Van Gool and 
      M. Gross and A. Sorkine-Hornung},
  title = {A Benchmark Dataset and Evaluation Methodology for Video Object 
      Segmentation},
  booktitle = {Computer Vision and Pattern Recognition},
  year = {2016}
}

@inproceedings{VideoGeometricContext2013,
   author = {S. Hussain Raza and Matthias Grundmann and Irfan Essa},
   title = {Geometric Context from Video},
   booktitle = {{IEEE} Conference on Computer Vision and Pattern Recognition},
   year = {2013},
 }  

@article{yu2015multi,
  title={Multi-scale context aggregation by dilated convolutions},
  author={Yu, Fisher and Koltun, Vladlen},
  journal={arXiv preprint arXiv:1511.07122},
  year={2015}
}

@inproceedings{kundu2016feature,
  title={Feature space optimization for semantic video segmentation},
  author={Kundu, Abhijit and Vineet, Vibhav and Koltun, Vladlen},
  year={2016},
  organization={CVPR}
}

@inproceedings{chang2013video,
  title={A video representation using temporal superpixels},
  author={Chang, Jason and Wei, Donglai and Fisher, John W},
  booktitle={Proceedings of the IEEE Conference on Computer Vision and Pattern 
      Recognition},
  pages={2051--2058},
  year={2013}
}

@inproceedings{marki2016bilateral,
  title={Bilateral space video segmentation},
  author={M{\"a}rki, Nicolas and Perazzi, Federico and Wang, Oliver and 
    Sorkine-Hornung, Alexander},
  booktitle={Proceedings of the IEEE Conference on Computer Vision and Pattern 
    Recognition},
  pages={743--751},
  year={2016}
}

@inproceedings{perazzi2015fully,
  title={Fully Connected Object Proposals for Video Segmentation},
  author={Perazzi, Federico and Wang, Oliver and Gross, Markus and 
    Sorkine-Hornung, Alexander},
  booktitle={Proceedings of the IEEE International Conference on Computer 
    Vision},
  pages={3227--3234},
  year={2015}
}

@article{fan2015jumpcut,
  title={JumpCut: non-successive mask transfer and interpolation for video 
    cutout},
  author={Fan, Qingnan and Zhong, Fan and Lischinski, Dani and Cohen-Or, Daniel 
    and Chen, Baoquan},
  journal={ACM Transactions on Graphics (TOG)},
  volume={34},
  number={6},
  pages={195},
  year={2015},
  publisher={ACM}
}

@inproceedings{grundmann2010efficient,
  title={Efficient hierarchical graph-based video segmentation},
  author={Grundmann, Matthias and Kwatra, Vivek and Han, Mei and Essa, Irfan},
  booktitle={Computer Vision and Pattern Recognition (CVPR), 2010 IEEE 
    Conference on},
  pages={2141--2148},
  year={2010},
  organization={IEEE}
}

@inproceedings{ramakanth2014seamseg,
  title={Seamseg: Video object segmentation using patch seams},
  author={Ramakanth, S Avinash and Babu, R Venkatesh},
  booktitle={2014 IEEE Conference on Computer Vision and Pattern Recognition},
  pages={376--383},
  year={2014},
  organization={IEEE}
}

@article{mahjourian2016geometry,
  title={Geometry-Based Next Frame Prediction from Monocular Video},
  author={Mahjourian, Reza and Wicke, Martin and Angelova, Anelia},
  journal={arXiv preprint arXiv:1609.06377},
  year={2016}
}
